<?xml version="1.0" encoding="UTF-8"?><collection xmlns="http://www.loc.gov/MARC21/slim"><record><leader>00572nam--2200217-u-4500</leader><controlfield tag="001">000051273</controlfield><controlfield tag="002">20161230</controlfield><controlfield tag="005">20161230201049</controlfield><controlfield tag="008">080610s1000------------r-----000-0-eng-d</controlfield><datafield ind1=" " ind2=" " tag="020"><subfield code="a">0-19-850451-9</subfield></datafield><datafield ind1=" " ind2=" " tag="040"><subfield code="a">IFIN-HH</subfield></datafield><datafield ind1=" " ind2=" " tag="080"><subfield code="a">514.154</subfield></datafield><datafield ind1="1" ind2=" " tag="100"><subfield code="a">McDuff, Dusa ; Salamon, Dietmar</subfield></datafield><datafield ind1="1" ind2="0" tag="245"><subfield code="a">Introduction to Symplectic Topology</subfield></datafield><datafield ind1=" " ind2=" " tag="250"><subfield code="a">Second Edition</subfield></datafield><datafield ind1=" " ind2=" " tag="260"><subfield code="a">Oxford</subfield><subfield code="b">Calderon Press</subfield><subfield code="c">1998</subfield></datafield><datafield ind1=" " ind2=" " tag="300"><subfield code="a">486 p</subfield></datafield><datafield ind1=" " ind2=" " tag="490"><subfield code="a">Oxford Methematical Monographs</subfield></datafield><datafield ind1="1" ind2=" " tag="700"><subfield code="a">Dietmar Salamon</subfield></datafield><datafield ind1=" " ind2=" " tag="852"><subfield code="a">81472</subfield><subfield code="c">513.83</subfield></datafield><datafield ind1=" " ind2=" " tag="CAT"><subfield code="a">Sys</subfield><subfield code="c">20080610</subfield><subfield code="h">095327</subfield></datafield></record></collection>